@article{its:docker,
    author    = {Seda Kul and Sarper Kumcu and Ahmet Sayar},
    year      = {2024},
    month     = {Maret},
    title     = {Docker Container-Based Framework of Apache Kafka Node Ecosystem: Vehicle Tracking System by License Plate Recognition on Surveillance Camera Feeds},
    journal   = {International Journal of Intelligent Transportation Systems Research},
    doi       = {https://doi.org/10.1007/s13177-024-00392-6},
    publisher = {ITS Japan},
}

@article{comp:zookeeper,
    author    = {Cuong Manh Pham and Victor Dogaru and Rohit Wagle and Chitra Venkatramani and Zbigniew Kalbarczyk and Ravishankar Iyer},
    year      = {2014},
    month     = {Maret},
    title     = {An evaluation of zookeeper for high availability in system S},
    journal   = {ICPE '14: Proceedings of the 5th ACM/SPEC international conference on Performance engineering},
    doi       = {http://dx.doi.org/10.1145/2568088.2576801},
    publisher = {Association for Computing Machinery},
}

@article{elsevier:kafka,
    author    = {Theofanis P. Raptis and Claudio Cicconetti and Andrea Passarella},
    year      = {2024},
    month     = {Januari},
    title     = {Efficient topic partitioning of Apache Kafka for high-reliability real-time data streaming applications},
    journal   = {Future Generation Computer Systems},
    doi       = {https://doi.org/10.1016/j.future.2023.12.028},
    publisher = {Elsevier},
}

@article{ieee:distributed,
    author    = {Abdeldjalil Ledmi and Hakim Bendjenna and Sofiane Mounine Hemam},
    year      = {2018},
    month     = {Oktober},
    title     = {Fault Tolerance in Distributed Systems: A Survey},
    journal   = {2018 3rd International Conference on Pattern Analysis and Intelligent Systems (PAIS)},
    doi       = {http://dx.doi.org/10.1109/PAIS.2018.8598484},
    publisher = {IEEE},
}